@book{chen_introduction_2015,
  author    = {Chen, Francis},
  year      = {2015},
  month     = {dec 29},
  publisher = {Springer},
  title     = {Introduction to {Plasma} {Physics} and {Controlled} {Fusion}}
}
@book{wesson_campbell_tokamaks_2011,
  author    = {Wesson, John and Campbell, D. J.},
  year      = {2011},
  month     = {oct 13},
  publisher = {International Monographs on Ph},
  title     = {Tokamaks}
}
@inproceedings{DelageM.2012PtaM,
  pages     = {285--297},
  volume    = {1},
  booktitle = {Canadian Nuclear Society - 33rd Annual Conference of the Canadian Nuclear Society and 36th CNS/CNA Student Conference 2012: Building on Our Past... Building for the Future},
  isbn      = {9781622767007},
  year      = {2012},
  title     = {Progress towards acoustic Magnetized Target Fusion: An overview of the R\&D Program at General Fusion},
  copyright = {Copyright 2013 Elsevier B.V., All rights reserved.},
  language  = {eng},
  author    = {Delage, M. and Froese, A. and Blondal, D. and Richardson, D.}
}
@article{LabergeMichel2009ERfa,
  issn      = {0164-0313},
  journal   = {Journal of fusion energy},
  pages     = {179--182},
  volume    = {28},
  publisher = {Springer US},
  number    = {2},
  year      = {2009},
  title     = {Experimental Results for an Acoustic Driver for MTF},
  copyright = {Springer Science+Business Media, LLC 2008},
  language  = {eng},
  address   = {Boston},
  author    = {Laberge, Michel},
  keywords  = {Acoustics ; Compressed ; Drivers ; Energy Systems ; FRC ; Liquids ; Magnetized target fusion ; Merging ; Nuclear Energy ; Nuclear Fusion ; Nuclear Science & Technology ; Original Paper ; Physics ; Physics and Astronomy ; Pistons ; Plasma Physics ; Science & Technology ; Shock wave ; Spheromak ; Spheromaks ; Sustainable Development ; Tanks ; Technology}
}
